@misc{Stack,
  title = {{Stack} Discussion Forum},
  howpublished = {\url{http://www.stackoverflow.com}},
  note = {Accessed: 2014-09-30}
}
@misc{Doxygen,
  title = {{Doxygen} Doxygen Manual},
  howpublished = {\url{http://www.stack.nl}},
  note = {Accessed: 2014-09-30}
}
@misc{Linux,
  title = {{Linux} Kernel Description},
  howpublished = {\url{http://www.yolinux.com}},
  note = {Accessed: 2014-09-30}
}
